<record><leader>00000cas a22000007a 4500</leader><controlfield tag="001">20815529</controlfield><controlfield tag="008">891222d185418uunyudn ne      0    0eng d</controlfield><datafield ind1=" " ind2=" " tag="010"><subfield code="a">sn 90066122 </subfield></datafield><datafield ind1=" " ind2=" " tag="040"><subfield code="a">NYG</subfield><subfield code="b">eng</subfield><subfield code="c">NYG</subfield><subfield code="d">NYS</subfield><subfield code="d">OCL</subfield><subfield code="d">OCLCQ</subfield><subfield code="d">OCLCF</subfield><subfield code="d">OCLCO</subfield></datafield><datafield ind1="1" ind2=" " tag="029"><subfield code="a">AU@</subfield><subfield code="b">000020225517</subfield></datafield><datafield ind1=" " ind2=" " tag="042"><subfield code="a">msc</subfield></datafield><datafield ind1=" " ind2=" " tag="043"><subfield code="a">n-us-ny</subfield></datafield><datafield ind1="0" ind2=" " tag="130"><subfield code="a">Daily sentinel (Rome, N.Y. : 1854)</subfield></datafield><datafield ind1="1" ind2="4" tag="245"><subfield code="a">The daily sentinel.</subfield></datafield><datafield ind1="3" ind2="0" tag="246"><subfield code="a">Rome daily sentinel</subfield></datafield><datafield ind1=" " ind2=" " tag="260"><subfield code="a">Rome [N.Y.] ;</subfield><subfield code="a">Watertown [N.Y.] :</subfield><subfield code="b">C. &amp; E. Comstock,</subfield><subfield code="c">1854-</subfield></datafield><datafield ind1=" " ind2=" " tag="300"><subfield code="a">v. ;</subfield><subfield code="c">56-60 cm.</subfield></datafield><datafield ind1=" " ind2=" " tag="310"><subfield code="a">Daily (except Sunday)</subfield></datafield><datafield ind1="0" ind2=" " tag="362"><subfield code="a">Vol. 2, no. 156 (Jan. 16, 1854)-</subfield></datafield><datafield ind1=" " ind2=" " tag="500"><subfield code="a">Published as: Rome daily sentinel, &lt;Aug. 15-Sept. 19, 1860&gt;, &lt;July 3, 1863&gt;.</subfield></datafield><datafield ind1=" " ind2=" " tag="500"><subfield code="a">Published simultaneously in Rome, N.Y. and Watertown, N.Y., Jan. 16, 1854-Apr. 14, 1855; in Rome, N.Y. thereafter.</subfield></datafield><datafield ind1=" " ind2=" " tag="500"><subfield code="a">Publishers: C. &amp; E. Comstock, 1854-1855; Wager &amp; Rowley, 1855-&lt;1860&gt;; Wood &amp; Larwill, &lt;1863&gt;.</subfield></datafield><datafield ind1=" " ind2=" " tag="580"><subfield code="a">Weekly eds.: Rome sentinel (Rome, N.Y. : 1840), &lt;1854-1856&gt;; Rome weekly sentinel, &lt;1859&gt;-1861; Rome sentinel (Rome, N.Y. : 1861), 1861-&lt;1863&gt;.</subfield></datafield><datafield ind1=" " ind2=" " tag="588"><subfield code="a">Latest issue consulted: Vol. 9, no. 29 (July 3, 1863).</subfield></datafield><datafield ind1=" " ind2="0" tag="651"><subfield code="a">Rome (N.Y.)</subfield><subfield code="v">Newspapers.</subfield></datafield><datafield ind1=" " ind2="0" tag="651"><subfield code="a">Oneida County (N.Y.)</subfield><subfield code="v">Newspapers.</subfield></datafield><datafield ind1=" " ind2="0" tag="651"><subfield code="a">Watertown (N.Y.)</subfield><subfield code="v">Newspapers.</subfield></datafield><datafield ind1=" " ind2="0" tag="651"><subfield code="a">Jefferson County (N.Y.)</subfield><subfield code="v">Newspapers.</subfield></datafield><datafield ind1=" " ind2="7" tag="655"><subfield code="a">Newspapers.</subfield><subfield code="2">fast</subfield><subfield code="0">(OCoLC)fst01423814</subfield></datafield><datafield ind1=" " ind2="7" tag="651"><subfield code="a">New York (State)</subfield><subfield code="z">Jefferson County.</subfield><subfield code="2">fast</subfield><subfield code="0">(OCoLC)fst01209430</subfield></datafield><datafield ind1=" " ind2="7" tag="651"><subfield code="a">New York (State)</subfield><subfield code="z">Oneida County.</subfield><subfield code="2">fast</subfield><subfield code="0">(OCoLC)fst01209049</subfield></datafield><datafield ind1=" " ind2="7" tag="651"><subfield code="a">New York (State)</subfield><subfield code="z">Rome.</subfield><subfield code="2">fast</subfield><subfield code="0">(OCoLC)fst01213046</subfield></datafield><datafield ind1=" " ind2="7" tag="651"><subfield code="a">New York (State)</subfield><subfield code="z">Watertown.</subfield><subfield code="2">fast</subfield><subfield code="0">(OCoLC)fst01221269</subfield></datafield><datafield ind1=" " ind2=" " tag="752"><subfield code="a">United States</subfield><subfield code="b">New York</subfield><subfield code="c">Oneida</subfield><subfield code="d">Rome.</subfield></datafield><datafield ind1=" " ind2=" " tag="752"><subfield code="a">United States</subfield><subfield code="b">New York</subfield><subfield code="c">Jefferson</subfield><subfield code="d">Watertown.</subfield></datafield><datafield ind1="1" ind2=" " tag="775"><subfield code="t">Rome sentinel (Rome, N.Y. : 1840)</subfield><subfield code="w">(DLC)sn 83031885</subfield><subfield code="w">(OCoLC)10016586</subfield></datafield><datafield ind1="1" ind2=" " tag="775"><subfield code="t">Rome weekly sentinel</subfield><subfield code="w">(DLC)sn 91066949</subfield><subfield code="w">(OCoLC)24640517</subfield></datafield><datafield ind1="1" ind2=" " tag="775"><subfield code="t">Rome sentinel (Rome, N.Y. : 1861)</subfield><subfield code="w">(DLC)sn 91066950</subfield><subfield code="w">(OCoLC)24640662</subfield></datafield><datafield ind1="0" ind2="0" tag="780"><subfield code="t">Rome daily sentinel (Rome, N.Y. : 1852)</subfield><subfield code="w">(DLC)sn 90066121</subfield><subfield code="w">(OCoLC)20815429</subfield></datafield></record>